
@article{Cooper:2008:PYH:1454159.1454167,
 author = {Cooper, Brian F. and Ramakrishnan, Raghu and Srivastava, Utkarsh and Silberstein, Adam and Bohannon, Philip and Jacobsen, Hans-Arno and Puz, Nick and Weaver, Daniel and Yerneni, Ramana},
 title = {PNUTS: Yahoo!'s hosted data serving platform},
 journal = {Proc. VLDB Endow.},
 issue_date = {August 2008},
 volume = {1},
 number = {2},
 month = aug,
 year = {2008},
 issn = {2150-8097},
 pages = {1277--1288},
 numpages = {12},
 url = {http://dx.doi.org/10.1145/1454159.1454167},
 doi = {10.1145/1454159.1454167},
 acmid = {1454167},
 publisher = {VLDB Endowment},
} 



